@article{RN5576,
   author = {Arora, Simran and Yang, Brandon and Eyuboglu, Sabri and Narayan, Avanika and Hojel, Andrew and Trummer, Immanuel and Ré, Christopher},
   title = {Language models enable simple systems for generating structured views of heterogeneous data lakes},
   journal = {arXiv preprint arXiv:2304.09433},
   year = {2023},
   type = {Journal Article}
}

@article{RN5580,
   author = {Edge, Darren and Trinh, Ha and Cheng, Newman and Bradley, Joshua and Chao, Alex and Mody, Apurva and Truitt, Steven and Larson, Jonathan},
   title = {From local to global: A graph rag approach to query-focused summarization},
   journal = {arXiv preprint arXiv:2404.16130},
   year = {2024},
   type = {Journal Article}
}

@article{RN5579,
   author = {Hogan, Aidan and Blomqvist, Eva and Cochez, Michael and d’Amato, Claudia and Melo, Gerard De and Gutierrez, Claudio and Kirrane, Sabrina and Gayo, José Emilio Labra and Navigli, Roberto and Neumaier, Sebastian},
   title = {Knowledge graphs},
   journal = {ACM Computing Surveys (Csur)},
   volume = {54},
   number = {4},
   pages = {1-37},
   ISSN = {0360-0300},
   year = {2021},
   type = {Journal Article}
}

@article{RN5578,
   author = {Trummer, Immanuel},
   title = {Can Large Language Models Predict Data Correlations from Column Names?},
   journal = {Proceedings of the VLDB Endowment},
   volume = {16},
   number = {13},
   pages = {4310-4323},
   ISSN = {2150-8097},
   year = {2023},
   type = {Journal Article}
}

@article{RN5577,
   author = {Trummer, Immanuel},
   title = {Generating Succinct Descriptions of Database Schemata for Cost-Efficient Prompting of Large Language Models},
   journal = {Proceedings of the VLDB Endowment},
   volume = {17},
   number = {11},
   pages = {3511-3523},
   ISSN = {2150-8097},
   year = {2024},
   type = {Journal Article}
}

@article{RN5574,
   author = {Zhang, Chiyuan and Bengio, Samy and Hardt, Moritz and Recht, Benjamin and Vinyals, Oriol},
   title = {Understanding deep learning (still) requires rethinking generalization},
   journal = {Communications of the ACM},
   volume = {64},
   number = {3},
   pages = {107-115},
   ISSN = {0001-0782},
   year = {2021},
   type = {Journal Article}
}

@article{bach2024heterogeneity,
  title={Heterogeneity in the US gender wage gap},
  author={Bach, Philipp and Chernozhukov, Victor and Spindler, Martin},
  journal={Journal of the Royal Statistical Society Series A: Statistics in Society},
  volume={187},
  number={1},
  pages={209--230},
  year={2024},
  publisher={Oxford University Press US}
}